<record><leader>00000cas a22000007a 4500</leader><controlfield tag="001">27394563</controlfield><controlfield tag="008">930208d18961uuucaudr ne      0    0eng d</controlfield><datafield ind1=" " ind2=" " tag="010"><subfield code="a">sn 93053003 </subfield></datafield><datafield ind1=" " ind2=" " tag="040"><subfield code="a">CNK</subfield><subfield code="b">eng</subfield><subfield code="c">CNK</subfield><subfield code="d">OCLCQ</subfield></datafield><datafield ind1=" " ind2=" " tag="042"><subfield code="a">msc</subfield></datafield><datafield ind1="0" ind2="0" tag="245"><subfield code="a">Morning chronicle-record.</subfield></datafield><datafield ind1=" " ind2=" " tag="260"><subfield code="a">Chico, Calif. :</subfield><subfield code="b">C.W. Clough</subfield></datafield><datafield ind1=" " ind2=" " tag="300"><subfield code="a">v.</subfield></datafield><datafield ind1=" " ind2=" " tag="310"><subfield code="a">Daily</subfield></datafield><datafield ind1="1" ind2=" " tag="362"><subfield code="a">Began in 1896.</subfield></datafield><datafield ind1=" " ind2=" " tag="588"><subfield code="a">Description based on: Vol. 37, no. 137 (July 7, 1896).</subfield></datafield><datafield ind1=" " ind2="4" tag="651"><subfield code="a">Butte County (Calif.)</subfield><subfield code="v">Newspapers.</subfield></datafield><datafield ind1=" " ind2=" " tag="752"><subfield code="a">United States</subfield><subfield code="b">California</subfield><subfield code="c">Butte</subfield><subfield code="d">Chico.</subfield></datafield><datafield ind1="0" ind2=" " tag="775"><subfield code="t">Chico weekly chronicle-record</subfield><subfield code="w">(DLC)sn 85066376</subfield></datafield><datafield ind1="0" ind2="0" tag="780"><subfield code="t">Chico chronicle-record</subfield><subfield code="w">(DLC)sn 93053002</subfield></datafield><datafield ind1="0" ind2="0" tag="785"><subfield code="t">Chico daily record</subfield><subfield code="w">(DLC)sn 93052034</subfield></datafield><datafield ind1="1" ind2=" " tag="029"><subfield code="a">AU@</subfield><subfield code="b">000020734751</subfield></datafield></record>